@article{reynier2023preconditioning,
 author = {Reynier, Loïc and Di Pierro, Bastien and Alizard, Frédéric and Cadiou, Anne and Le Penven, Lionel and Buffat, Marc},
 title = {A preconditioning for the spectral solution of incompressible variable-density flows},
 journal = {Computers \& Fluids},
 publisher = {Elsevier BV},
 year = {2023},
 month = {11},
 volume = {266},
 pages = {106024},
 url = {https://doi.org/10.1016/j.compfluid.2023.106024},
 doi = {10.1016/j.compfluid.2023.106024},
 issn = {0045-7930}
}

@unpublished{reynier2023isotropic,
 author = {Reynier, Loïc and Di Pierro, Bastien and Alizard, Frédéric},
 title = {Isotropic turbulence of variable-density incompressible flows},
 year = {en révisions à Physical Review Fluids}
}
